@article{manogue2001paradigms,
  title={Paradigms in Physics: A new upper-division curriculum},
  author={Manogue, Corinne A and Siemens, Philip J and Tate, Janet and Browne, Kerry and Niess, Margaret L and Wolfer, Adam J},
  journal={American Journal of Physics},
  volume={69},
  number={9},
  pages={978--990},
  year={2001},
  publisher={AAPT}
}
